@article{Roy07asurvey,
  author =       {Chanchal Kumar Roy and James R. Cordy},
  title =        {A Survey on Software Clone Detection Research},
  journal =      {SCHOOL OF COMPUTING TR 2007-541, QUEENâ€™S UNIVERSITY},
  year =         2007,
  volume =       115
}

@inproceedings{Sajnani:2016:SSC:2884781.2884877,
 author = {Sajnani, Hitesh and Saini, Vaibhav and Svajlenko, Jeffrey and Roy, Chanchal K. and Lopes, Cristina V.},
 title = {SourcererCC: Scaling Code Clone Detection to Big-code},
 booktitle = {Proceedings of the 38th International Conference on Software Engineering},
 series = {ICSE '16},
 year = {2016},
 isbn = {978-1-4503-3900-1},
 location = {Austin, Texas},
 pages = {1157--1168},
 numpages = {12},
 url = {http://doi.acm.org/10.1145/2884781.2884877},
 doi = {10.1145/2884781.2884877},
 acmid = {2884877},
 publisher = {ACM},
 address = {New York, NY, USA},
}
