@article{Roy07asurvey,
    author = {Chanchal Kumar Roy and al.},
    title = {A Survey on Software Clone Detection Research},
    journal = {School of Computing tr 2007-541, Queen's University},
    year = {2007},
    volume = {115}
}

@article{DBLP:journals/corr/abs-1301-3781,
  author    = {Tomas Mikolov and al.},
  title     = {Efficient Estimation of Word Representations in Vector Space},
  journal   = {CoRR},
  volume    = {abs/1301.3781},
  year      = {2013},
  url       = {http://arxiv.org/abs/1301.3781},
  timestamp = {Wed, 07 Jun 2017 14:42:25 +0200},
  biburl    = {http://dblp.uni-trier.de/rec/bib/journals/corr/abs-1301-3781},
  bibsource = {dblp computer science bibliography, http://dblp.org}
}

@inproceedings{DBLP:conf/seke/KraftBS08,
  author    = {Nicholas A. Kraft and al.},
  title     = {Cross-language Clone Detection},
  booktitle = {SEKE'2008},
  pages     = {54--59},
  year      = {2008},
  timestamp = {Fri, 12 Sep 2008 13:21:29 +0200},
  url       = {https://www.jstage.jst.go.jp/article/transinf/E100.D/2/E100.D_2016EDP7334/_article},
  urldate   = {2017-10-19},
  biburl    = {http://dblp.uni-trier.de/rec/bib/conf/seke/KraftBS08},
  bibsource = {dblp computer science bibliography, http://dblp.org}
}


@article{Xiao:CHENG20172016EDP7334,
  title={{CLCMiner}: Detecting Cross-Language Clones without Intermediates},
  author={Xiao Cheng and al.},
  journal={IEICE Trans. on Information and Systems},
  year={2017},
  doi={10.1587/transinf.2016EDP7334}
}

@article{DBLP:journals/corr/TaiSM15,
  author    = {Kai Sheng Tai and al.},
  title     = {Improved Semantic Representations From Tree-Structured Long Short-Term
               Memory Networks},
  journal   = {CoRR},
  volume    = {abs/1503.00075},
  year      = {2015},
  url       = {http://arxiv.org/abs/1503.00075},
  timestamp = {Wed, 07 Jun 2017 14:43:13 +0200},
  biburl    = {http://dblp.uni-trier.de/rec/bib/journals/corr/TaiSM15},
  bibsource = {dblp computer science bibliography, http://dblp.org}
}

@inproceedings{Sajnani:2016:SSC:2884781.2884877,
 author = {Sajnani and al.},
 title = {SourcererCC: Scaling Code Clone Detection to Big-code},
 series = {ICSE '16},
 year = {2016},
 isbn = {978-1-4503-3900-1},
 location = {Austin, Texas},
 pages = {1157--1168},
 numpages = {12},
 url = {http://doi.acm.org/10.1145/2884781.2884877},
 doi = {10.1145/2884781.2884877},
 acmid = {2884877}
}
